% ------------------------------------------------------------------------
% SAMPLE BIBLIOGRAPHY FILE
% ------------------------------------------------------------------------
%Reference for Multigrid method
@article{brandt1977multi,
  title={Multi-level adaptive solutions to boundary-value problems},
  author={Brandt, Achi},
  journal={Mathematics of computation},
  volume={31},
  number={138},
  pages={333--390},
  year={1977}
}

@book{briggs2000multigrid,
  title={A multigrid tutorial},
  author={Briggs, William L and Henson, Van Emden and McCormick, Steve F},
  year={2000},
  publisher={SIAM}
}

@book{trottenberg2000multigrid,
  title={Multigrid},
  author={Trottenberg, Ulrich and Oosterlee, Cornelius W and Schuller, Anton},
  year={2000},
  publisher={Elsevier}
}

@article{mohr2004cell,
  title={Cell-centred multigrid revisited},
  author={Mohr, Marcus and Wienands, Roman},
  journal={Computing and Visualization in Science},
  volume={7},
  number={3-4},
  pages={129--140},
  year={2004},
  publisher={Springer}
}

@article{brabazon2014nonlinear,
  title={Nonlinear multigrid methods for second order differential operators with nonlinear diffusion coefficient},
  author={Brabazon, Keeran J and Hubbard, Matthew E and Jimack, Peter K},
  journal={Computers \& Mathematics with Applications},
  volume={68},
  number={12},
  pages={1619--1634},
  year={2014},
  publisher={Elsevier}
}

@book{press1996numerical,
  title={Numerical recipes in Fortran 90: Volume 2, volume 2 of Fortran numerical recipes: The art of parallel scientific computing},
  author={Press, William H and Teukolsky, Saul A and Vetterling, William T and Flannery, Brian P and Metcalf, M},
  year={1996},
  publisher={Cambridge university press}
}

%Reference for Gmunu
@article{cheong2020gmunu,
  title={Gmunu: toward multigrid based Einstein field equations solver for general-relativistic hydrodynamics simulations},
  author={Cheong, Patrick Chi-Kit and Lin, Lap-Ming and Li, Tjonnie Guang Feng},
  journal={Classical and Quantum Gravity},
  volume={37},
  number={14},
  pages={145015},
  year={2020},
  publisher={IOP Publishing}
}

@article{cheong2020gmunu_amr,
  title={Gmunu: Paralleled, grid-adaptive, general-relativistic magnetohydrodynamics in curvilinear geometries in dynamical spacetimes},
  author={Cheong, Patrick Chi-Kit and Lam, Alan Tsz-Lok and Ng, Harry Ho-Yin and Li, Tjonnie Guang Feng},
  journal={arXiv preprint arXiv:2012.07322},
  year={2020}
}

%Reference for Gravity book
@book{misner1973gravitation,
  title={Gravitation},
  author={Misner, Charles W and Thorne, Kip S and Wheeler, John Archibald},
  year={1973},
  publisher={Macmillan}
}

@book{shibata2015numerical,
  title={Numerical Relativity},
  author={Shibata, Masaru},
  volume={1},
  year={2015},
  publisher={World Scientific}
}

@book{rezzolla2013relativistic,
  title={Relativistic hydrodynamics},
  author={Rezzolla, Luciano and Zanotti, Olindo},
  year={2013},
  publisher={Oxford University Press}
}

@book{baumgarte2010numerical,
  title={Numerical relativity: solving Einstein's equations on the computer},
  author={Baumgarte, Thomas W and Shapiro, Stuart L},
  year={2010},
  publisher={Cambridge University Press}
}

@book{gourgoulhon20123+,
  title={3+ 1 formalism in general relativity: bases of numerical relativity},
  author={Gourgoulhon, Eric},
  volume={846},
  year={2012},
  publisher={Springer Science \& Business Media}
}

%Reference for NR
@article{amowitt1962dynamics,
  title={The dynamics of general relativity},
  author={Amowitt, R and Deser, S and Misner, CW},
  journal={Gravitation: An Introduction to Current Research},
  pages={227--265},
  year={1962},
  publisher={New York Plenum}
}

@article{york1979kinematics,
  title={Kinematics and dynamics of general relativity},
  author={York Jr, James W},
  journal={Sources of gravitational radiation},
  pages={83--126},
  year={1979}
}

@book{lichnerowicz1944integration,
  title={L'int{\'e}gration des {\'e}quations de la gravitation relativiste et le probl{\`e}me des n-corps},
  author={Lichnerowicz, Andr{\'e}},
  year={1944},
  publisher={Gauthier-Villars}
}

@article{york1971gravitational,
  title={Gravitational degrees of freedom and the initial-value problem},
  author={York Jr, James W},
  journal={Physical Review Letters},
  volume={26},
  number={26},
  pages={1656},
  year={1971},
  publisher={APS}
}

@article{york1972role,
  title={Role of conformal three-geometry in the dynamics of gravitation},
  author={York Jr, James W},
  journal={Physical review letters},
  volume={28},
  number={16},
  pages={1082},
  year={1972},
  publisher={APS}
}

@article{york1973conformally,
  title={Conformally invariant orthogonal decomposition of symmetric tensors on Riemannian manifolds and the initial-value problem of general relativity},
  author={York Jr, James W},
  journal={Journal of Mathematical Physics},
  volume={14},
  number={4},
  pages={456--464},
  year={1973},
  publisher={American Institute of Physics}
}

@article{nakamura19943d,
  title={3D numerical relativity.},
  author={Nakamura, Takashi},
  journal={Relativistic Cosmology},
  pages={155--182},
  year={1994}
}

@article{smarr1978radiation,
  title={Radiation gauge in general relativity},
  author={Smarr, Larry and York Jr, James W},
  journal={Physical Review D},
  volume={17},
  number={8},
  pages={1945},
  year={1978},
  publisher={APS}
}

@book{smarr1979sources,
  title={Sources of Gravitational Radiation: Proceedings of the Battelle Seattle Workshop},
  author={Smarr, Larry L},
  year={1979},
  publisher={CUP Archive}
}

@article{dirac1959fixation,
  title={Fixation of coordinates in the Hamiltonian theory of gravitation},
  author={Dirac, PAM},
  journal={Physical Review},
  volume={114},
  number={3},
  pages={924},
  year={1959},
  publisher={APS}
}

%Reference for PDE
@book{taylor1991partial,
  title={Partial differential equations. 3, Nonlinear equations},
  author={Taylor, Michael Eugene},
  year={1991},
  publisher={Springer}
}

@article{evans1997partial,
  title={Partial differential equations and Monge-Kantorovich mass transfer},
  author={Evans, Lawrence C},
  journal={Current developments in mathematics},
  volume={1997},
  number={1},
  pages={65--126},
  year={1997},
  publisher={International Press of Boston}
}

@book{protter2012maximum,
  title={Maximum principles in differential equations},
  author={Protter, Murray H and Weinberger, Hans F},
  year={2012},
  publisher={Springer Science \& Business Media}
}

%Reference for CFC
@article{isenberg2008waveless,
  title={Waveless approximation theories of gravity},
  author={Isenberg, James A},
  journal={International Journal of Modern Physics D},
  volume={17},
  number={02},
  pages={265--273},
  year={2008},
  publisher={World Scientific}
}

@article{wilson1989relativistic,
  title={Relativistic hydrodynamics.},
  author={Wilson, James R and Mathews, Grant J},
  journal={Frontiers in numerical relativity},
  pages={306--314},
  year={1989}
}

@article{friedman2002thermodynamics,
  title={Thermodynamics of binary black holes and neutron stars},
  author={Friedman, John L and Ury{\=u}, K{\=o}ji and Shibata, Masaru},
  journal={Physical Review D},
  volume={65},
  number={6},
  pages={064035},
  year={2002},
  publisher={APS}
}

%Reference for FCF
@article{bonazzola2004constrained,
  title={Constrained scheme for the Einstein equations based on the Dirac gauge and spherical coordinates},
  author={Bonazzola, Silvano and Gourgoulhon, Eric and Grandclement, Philippe and Novak, Jerome},
  journal={Physical Review D},
  volume={70},
  number={10},
  pages={104007},
  year={2004},
  publisher={APS}
}

@article{cordero2008mathematical,
  title={Mathematical issues in a fully constrained formulation of the Einstein equations},
  author={Cordero-Carri{\'o}n, Isabel and Ibanez, Jose Maria and Gourgoulhon, Eric and Jaramillo, Jos{\'e} Luis and Novak, J{\'e}r{\^o}me},
  journal={Physical Review D},
  volume={77},
  number={8},
  pages={084007},
  year={2008},
  publisher={APS}
}

@article{cordero2009improved,
  title={Improved constrained scheme for the Einstein equations: An approach to the uniqueness issue},
  author={Cordero-Carri{\'o}n, Isabel and Cerd{\'a}-Dur{\'a}n, Pablo and Dimmelmeier, Harald and Jaramillo, Jos{\'e} Luis and Novak, J{\'e}r{\^o}me and Gourgoulhon, Eric},
  journal={Physical Review D},
  volume={79},
  number={2},
  pages={024017},
  year={2009},
  publisher={APS}
}

@article{cordero2012gravitational,
  title={Gravitational waves in dynamical spacetimes with matter content in the fully constrained formulation},
  author={Cordero-Carri{\'o}n, Isabel and Cerd{\'a}-Dur{\'a}n, Pablo and Ib{\'a}{\~n}ez, Jos{\'e} Mar{\'\i}a},
  journal={Physical Review D},
  volume={85},
  number={4},
  pages={044023},
  year={2012},
  publisher={APS}
}


